% Encoding: UTF-8

@misc{site:dorn,
  author={Sebastian D\"o rn},
  title={Quantum Algorithms for Optimal Graph Traversal Problems},
  howpublished={\url{https://www.uni-ulm.de/fileadmin/website_uni_ulm/iui.inst.190/Mitarbeiter/doern/GT.pdf}},
  year={2007},
  note={Accessed: 09-15-2024},
}

@misc{site:qft,
  author={Trenar3},
  title={Quantum circuit for Quantum-Fourier-Transform with n Qubits},
  howpublished={\url{https://commons.wikimedia.org/wiki/File:Q_fourier_nqubits.png}},
  year={2018},
  note={Accessed: 09-15-2024},
}

@misc{site:grover,
  author={Fawly},
  title={Grover's algorithm circuit},
  howpublished={\url{https://commons.wikimedia.org/wiki/File:Grover%27s_algorithm_circuit.svg}},
  year={2021},
  note={Accessed: 09-15-2024},
}