% Encoding: UTF-8

@book{book:algorithms,
    author = {Erickson, Jeff},
    year = {2019},
    month = {06},
    pages = {},
    title = {Algorithms},
    isbn = {978-1-792-64483-2},
    edition = {1st},
}

@book{TAOCP2,
author = {Knuth, Donald E.},
title = {The Art of Computer Programming, Volume 2 (3rd Ed.): Seminumerical Algorithms},
year = {1997},
isbn = {0201896842},
publisher = {Addison-Wesley Longman Publishing Co., Inc.},
address = {USA}
}

@book{TAOCP4A,
author = {Knuth, Donald E.},
title = {The Art of Computer Programming, Volume 4A: Combinatorial Algorithms, Part 1},
year = {2011},
isbn = {0201038048},
publisher = {Addison-Wesley Professional},
edition = {1st},
}

@book{baugenodier,
author = {Louis Gros},
title = {Th\'eorie du Baguenodier},
year = {1872},
publisher = {Imprimerie D'Aim\'e Aim\'e Vingtrinier},
}

@book{sedgewick2003algorithms,
  title={Algorithms In Java, Parts 1-4, 3/E},
  author={Sedgewick, R.},
  isbn={9788177587999},
  url={https://books.google.co.in/books?id=pQRLfMngZ7sC},
  year={2003},
  publisher={Pearson Education}
}

@misc{3b1b_hanoi,
title={Binary, Hanoi and Sierpinski, part 1},
url={https://www.youtube.com/watch?v=2SUvWfNJSsM},
author={3Blue1Brown},
year={2016},
month={Nov.}
}

@misc{chinese_puzzle,
title = {Chinese Nine Linked Rings Puzzle},
author = {Wei Zhang and Peter Rasmussen},
year={2021},
url={https://chinesepuzzles.org/nine-linked-rings-puzzle/},
urldate={2023-02-05}
}