% Encoding: UTF-8

% https://mirror2.sandyriver.net/pub/ctan/info/biblatex-cheatsheet/biblatex-cheatsheet.pdf

@book{TAOCP4A,
    author = {Knuth, Donald E.},
    title = {The Art of Computer Programming, Volume 4A: Combinatorial Algorithms, Part 1},
    year = {2011},
    isbn = {0201038048},
    publisher = {Addison-Wesley Professional},
}

@book{TAOCP4B,
    author = {Knuth, Donald E.},
    title = {The Art of Computer Programming, Volume 4B: Combinatorial Algorithms, Part 2},
    year = {2022},
    isbn = {0201038064},
    publisher = {Addison-Wesley Professional},
    edition = {1st},
}

@article{Langford4m,
    title={On Langford’s Problem (II)},
    volume={43},
    DOI={10.1017/S0025557200041693},
    number={346},
    journal={The Mathematical Gazette},
    publisher={Cambridge University Press},
    author={Davies, Roy O.},
    year={1959},
    pages={253–255}
}
