% Encoding: UTF-8

@book{book:algorithms,
    author = {Erickson, Jeff},
    year = {2019},
    month = {06},
    pages = {},
    title = {Algorithms},
    isbn = {978-1-792-64483-2},
    edition = {1st},
}

@book{book:arithmetique,
    author = {Blaise Pascal},
    title = {Traité du triangle arithmétique , avec quelques autres petits traitez sur la mesme matière. Par Monsieur Pascal},
    publisher = {G. Desprez},
    year = {1665},
    doi = {ark:/12148/btv1b86262012}
}

@book{book:TAOCP1,
  address = {Reading, Mass.},
  author = {Knuth, Donald E.},
  biburl = {https://www.bibsonomy.org/bibtex/296a2ce8070028e53a72f4b1d64d467a5/ytyoun},
  edition = {Third},
  interhash = {bb4a4a475ed6fc749f4863d5fa9bb651},
  intrahash = {96a2ce8070028e53a72f4b1d64d467a5},
  isbn = {0201896834 9780201896831},
  keywords = {algorithm knuth no.pdf taocp textbook},
  publisher = {Addison-Wesley},
  refid = {872287313},
  timestamp = {2015-07-29T09:31:31.000+0200},
  title = {The Art of Computer Programming, Vol. 1: Fundamental Algorithms},
  year = 1997
}
