% Encoding: UTF-8

@misc{good_vid, 
    title={Lecture 1 Video 2: Definitions and Examples}, 
    url={https://www.youtube.com/watch?v=nL2ikRhDO4k}, 
    journal={YouTube}, 
    author={Mary Wootters}, 
    year={2021} 
}