% Encoding: UTF-8
@article{rs,
    author = {Reed, I. S. and Solomon, G.},
    title = {Polynomial Codes Over Certain Finite Fields},
    journal = {Journal of the Society for Industrial and Applied Mathematics},
    volume = {8},
    number = {2},
    pages = {300-304},
    year = {1960},
    doi = {10.1137/0108018},
}

@article{bm1,
    author={Berlekamp, E.},
    journal={IEEE Transactions on Information Theory}, 
    title={Nonbinary BCH decoding (Abstr.)}, 
    year={1968},
    volume={14},
    number={2},
    pages={242-242},
    doi={10.1109/TIT.1968.1054109}
}

@article{bm2,
    author={Massey, J.},
    journal={IEEE Transactions on Information Theory}, 
    title={Shift-register synthesis and BCH decoding}, 
    year={1969},
    volume={15},
    number={1},
    pages={122-127},
    doi={10.1109/TIT.1969.1054260}
}

@misc{bw,
    title={Error correction for algebraic block codes },
    author={Lloyd R. Welch and Elwyn R. Berlekamp},
    url={https://patents.google.com/patent/US4633470A/},
    year={1986},
    month={12},
    publisher={Google Patents},
    note={US Patent 4633470}
}

@article{sb,
    author={Singleton, R.},
    journal={IEEE Transactions on Information Theory}, 
    title={Maximum distanceq-nary codes}, 
    year={1964},
    volume={10},
    number={2},
    pages={116-118},
    doi={10.1109/TIT.1964.1053661}
}

@article{mdsconj,
    title = {Curve razionali normali ek-archi negli spazi finiti},
    volume = {39},
    ISSN = {1618-1891},
    DOI = {10.1007/bf02410779},
    number = {1},
    journal = {Annali di Matematica Pura ed Applicata},
    publisher = {Springer Science and Business Media LLC},
    author = {Segre,  Beniamino},
    year = {1955},
    month = dec,
    pages = {357â€“379}
}

@article{intro,
    author = {Zierler, Neal},
    title = {An Introduction to Algebraic and Combinatorial Coding Theory (Ian F. Blake and Ronald C. Mullin)},
    journal = {SIAM Review},
    volume = {20},
    number = {3},
    pages = {607-608},
    year = {1978},
    doi = {10.1137/1020087},
}

@misc{good_vids, 
    title={Algebraic Coding Theory}, 
    url={https://www.youtube.com/playlist?list=PLkvhuSoxwjI_UudECvFYArvG0cLbFlzSr}, 
    journal={YouTube}, 
    author={Mary Wootters}, 
    year={2021} 
}