% Encoding: UTF-8

@misc{site:game,
  author={Olof Leimar, John M. McNamara},
  title={Game theory in biology: 50 years
and onwards},
  howpublished={\url{https://doi.org/10.1098/rstb.2021.0509}},
  year={2022},
  note={Accessed: 04-22-2024},
}

@misc{site:game2,
  author={Charles C. Cowden},
  title={Game Theory, Evolutionary Stable Strategies and the Evolution of Biological Interactions},
  howpublished={\url{https://www.nature.com/scitable/knowledge/library/game-theory-evolutionary-stable-strategies-and-the-25953132/}},
  year={2012},
  note={Accessed: 04-22-2024},
}


