% Encoding: UTF-8

@misc{classifying,
  doi = {10.48550/ARXIV.2308.13043},
  url = {https://arxiv.org/abs/2308.13043},
  author = {Dey,  Anakin and O'Neal,  Kolton and Tran,  Duc Van Khanh and Upshur,  Camron and Yang,  Yong},
  keywords = {Group Theory (math.GR),  FOS: Mathematics,  FOS: Mathematics},
  title = {Classifying Primitive Solvable Permutation Groups of Rank 5 and 6},
  publisher = {arXiv},
  year = {2023},
  copyright = {Creative Commons Attribution Non Commercial No Derivatives 4.0 International}
}