% Encoding: UTF-8

@book{appel,
  author={Appel,  Andrew},
  title={Modern Compiler Implementation in ML},
  publisher={Cambridge University Press},
  year={2004},
  isbn={0521607647},
}

@article{wiki,
  author={Wikipedia contributors},
  title={Graph coloring},
  publisher={Wikimedia Foundation},
  url={https://en.wikipedia.org/wiki/Graph_coloring},
  year={2024},
  month=aug,
  day=29,
  note={Accessed: 09-22-2024}
}