% Encoding: UTF-8

@book{ERgraph,
    author = {Frieze, A. and Karonski, M.},
    title = {Introduction to Random Graphs},
    year = {2023}
}

@article{CPM05, 
    title={Clique Percolation in Random Networks}, 
    volume={94}, 
    DOI={10.1103/physrevlett.94.160202}, 
    number={46}, 
    journal={Physical Review Letters}, 
    author={Der√©nyi, I., Palla, G., & Vicsek, T.}, 
    year={2005}
}

@unpublished{KClique,
    author = {Danisch, M., Balalau, O., & Sozio, M.},
    year = {2018},
    DOI = {10.1145/3178876.3186125},
    title = {Listing k-cliques in Sparse Real-World Graphs}
}

@unpublished{CPMmem,
    author = {Baudin, A.},
    month = {Feb},
    year = {2022},
    DOI = {10.1007/978-3-030-95408-6_9},
    title = {Clique Percolation Method: Memory Efficient Almost Exact Communities}
}
