% Encoding: UTF-8

@inproceedings{vp-vnp,
    author = {Valiant, L. G.},
    title = {Completeness Classes in Algebra},
    year = {1979},
    isbn = {9781450374385},
    publisher = {Association for Computing Machinery},
    address = {New York, NY, USA},
    url = {https://doi.org/10.1145/800135.804419},
    doi = {10.1145/800135.804419},
    booktitle = {Proceedings of the Eleventh Annual ACM Symposium on Theory of Computing},
    pages = {249–261},
    numpages = {13},
    location = {Atlanta, Georgia, USA},
    series = {STOC '79}
}

@article{GCT,
  title = {Geometric Complexity Theory I: An Approach to thePvs.NPand Related Problems},
  volume = {31},
  ISSN = {1095-7111},
  url = {http://dx.doi.org/10.1137/S009753970038715X},
  DOI = {10.1137/s009753970038715x},
  number = {2},
  journal = {SIAM Journal on Computing},
  publisher = {Society for Industrial & Applied Mathematics (SIAM)},
  author = {Mulmuley,  Ketan D. and Sohoni,  Milind},
  year = {2001},
  month = jan,
  pages = {496–526}
}

@article{burg,
  title = {Cook’s versus Valiant’s hypothesis},
  volume = {235},
  ISSN = {0304-3975},
  url = {http://dx.doi.org/10.1016/S0304-3975(99)00183-8},
  DOI = {10.1016/s0304-3975(99)00183-8},
  number = {1},
  journal = {Theoretical Computer Science},
  publisher = {Elsevier BV},
  author = {B\"{u}rgisser,  Peter},
  year = {2000},
  month = mar,
  pages = {71–88}
}