% Encoding: UTF-8

@Article{zeck,
 Author = {Zeckendorf, E.},
 Title = {Repr{\'e}sentation des nombres naturels par une somme de nombres de {Fibonacci} ou de nombres de {Lucas}},
 FJournal = {Bulletin de la Soci{\'e}t{\'e} Royale des Sciences de Li{\`e}ge},
 Journal = {Bull. Soc. R. Sci. Li{\`e}ge},
 ISSN = {0037-9565},
 Volume = {41},
 Pages = {179--182},
 Year = {1972},
 Language = {French},
 Keywords = {11B39,11A67},
}

@article{robust,
  doi = {10.1016/0166-218x(93)00116-h},
  url = {https://doi.org/10.1016/0166-218x(93)00116-h},
  year = {1996},
  month = jan,
  publisher = {Elsevier {BV}},
  volume = {64},
  number = {1},
  pages = {31--55},
  author = {Aviezri S. Fraenkel and Shmuel T. Kleinb},
  title = {Robust universal complete codes for transmission and compression},
  journal = {Discrete Applied Mathematics}
}