% Encoding: UTF-8

@book{Norris_1997, place={Cambridge}, series={Cambridge Series in Statistical and Probabilistic Mathematics}, title={Markov Chains}, publisher={Cambridge University Press}, author={Norris, J. R.}, year={1997}, collection={Cambridge Series in Statistical and Probabilistic Mathematics}}