% Encoding: UTF-8

@misc{site:xkcd,
  author={Thomas Wong},
  title={Introduction to Classical and Quantum Computing},
  howpublished={\url{https://www.thomaswong.net/introduction-to-classical-and-quantum-computing-1e3p.pdf}},
  year={2022},
  note={Accessed: 10-07-2023},
}