% Encoding: UTF-8

@book{wong2022introduction,
  title={Introduction to Classical and Quantum Computing},
  author={Wong, T.G.},
  isbn={9798985593112},
  url={https://books.google.com/books?id=WBvtzgEACAAJ},
  year={2022},
  publisher={Rooted Groove.}
}
