% Encoding: UTF-8

@book{Wong,
  author={Thomas Wong},
  title={Introduction to Classical and Quantum Computing},
  publisher={\url{https://www.thomaswong.net/introduction-to-classical-and-quantum-computing-1e3p.pdf}},
  year={2022}
}

@book{Shor,
    author={Peter Shor},
    title={Polynomial-Time Algorithms for Prime Factorization and Discrete Logarithms on a Quantum Computer},
    publisher={https://arxiv.org/pdf/quant-ph/9508027.pdf},
    year={1996}
}