% Encoding: UTF-8
@misc{site:csail,
  author={R.L. Rivest A. Shamir and L. Adleman},
  title={A Method for Obtaining Digital
Signatures and Public-Key Cryptosystems},
  howpublished={\url{https://people.csail.mit.edu/rivest/Rsapaper.pdf}},
  year={1977},
  note={Accessed: 03-17-2024},
}