% Encoding: UTF-8

@book{Bona06,
abstract = {The basic topics discussed are: the twelvefold way, cycles in permutations, the formula of inclusion and exclusion, the notion of graphs and trees, matchings and Eulerian and Hamiltonian cycles. The selected advanced topics are: Ramsey theory, pattern avoidance, the probabilistic method, partially ordered sets, and algorithms and complexity.},
author = {B{\'o}na, Mikl{\'o}s.},
address = {Hackensack, NJ},
booktitle = {A walk through combinatorics : an introduction to enumeration and graph theory},
edition = {2nd ed.},
isbn = {9812568859},
keywords = {Combinatieleer},
language = {eng},
lccn = {2006048235},
publisher = {World Scientific Pub.},
title = {A walk through combinatorics : an introduction to enumeration and graph theory },
year = {2006},
}

@book{Graham,
author = {Ronald L. Graham et al.},
title = {Ramsey Theory (2nd Ed.)},
year = {1990},
isbn = {0471500461},
publisher = {Wiley-Interscience},
address = {USA}
}

@misc{site:stackexchange,
  author={Various},
  title={Algorithms for calculating R(5,5) and R(6,6)},
  howpublished={\url{https://mathoverflow.net/questions/210653/algorithms-for-calculating-r5-5-and-r6-6}},
  note={Accessed: 04-10-2023},
}