% Encoding: UTF-8


@book{TAOCP4A,
    author = {Knuth, Donald E.},
    title = {The Art of Computer Programming, Volume 4A: Combinatorial Algorithms, Part 1},
    year = {2011},
    isbn = {0201038048},
    publisher = {Addison-Wesley Professional},
}