% Encoding: UTF-8

@book{TAOCP4A,
    author = {Knuth, Donald E.},
    title = {The Art of Computer Programming, Volume 4A: Combinatorial Algorithms, Part 1},
    year = {2011},
    isbn = {0201038048},
    publisher = {Addison-Wesley Professional},
}

@book{TAOCP4B,
    author = {Knuth, Donald E.},
    title = {The Art of Computer Programming, Volume 4B: Combinatorial Algorithms, Part 2},
    year = {2022},
    isbn = {0201038064},
    publisher = {Addison-Wesley Professional},
    edition = {1st},
}

@article{LangfordOriginal, title={Problem}, volume={42}, DOI={10.2307/3610395}, number={341}, journal={The Mathematical Gazette}, publisher={Cambridge University Press}, author={Langford, C. Dudley}, year={1958}, pages={228–228}}

@article{Langford78,
 ISSN = {00368733, 19467087},
 URL = {http://www.jstor.org/stable/24926005},
 author = {Martin Gardner},
 journal = {Scientific American},
 number = {3},
 pages = {121--127},
 publisher = {Scientific American, a division of Nature America, Inc.},
 title = {MATHEMATICAL GAMES},
 urldate = {2023-01-08},
 volume = {218},
 year = {1968}
}

@article{Langford4m, 
    title={On Langford’s Problem (II)}, 
    volume={43}, 
    DOI={10.1017/S0025557200041693}, 
    number={346}, 
    journal={The Mathematical Gazette}, 
    publisher={Cambridge University Press}, 
    author={Davies, Roy O.}, 
    year={1959}, 
    pages={253–255}
}

@unpublished{LangfordAsymptotic,
    author = {Zan Pan},
    month = {March},
    year = {2021},
    title = {Conjectures on the number of Langford sequences},
    note = {preprint online at \url{https://eprint.arxitics.com/articles/langford.pdf}}
}

@article{karp1972complexity,
  title={Complexity of computer computations},
  author={Karp, Richard M and others},
  journal={Reducibility among combinatorial problems},
  volume={23},
  number={1},
  pages={85--103},
  year={1972},
  publisher={Plenum Press, New York}
}
