% Encoding: UTF-8

@misc{site:chan,
  title = {A Minimalistâ€™s Implementation of the 3-d Divide-and-Conquer Convex Hull Algorithm},
  url = {https://tmc.web.engr.illinois.edu/ch3d/ch3d.pdf},
  author = {Chan,  Timothy},
  year = {2003},
  month = jun,
  day = 4
}

@article{wiki1,
  author={Wikipedia contributors},
  title={Kinetic data structure},
  publisher={Wikimedia Foundation},
  url={https://en.wikipedia.org/wiki/Kinetic_data_structure},
  year={2023},
  month=may,
  day=19,
  note={Accessed: 02-8-2025}
}

@article{wiki2,
  author={Wikipedia contributors},
  title={Kinetic convex hull},
  publisher={Wikimedia Foundation},
  url={https://en.wikipedia.org/wiki/Kinetic_convex_hull},
  year={2022},
  month=nov,
  day=10,
  note={Accessed: 02-8-2025}
}

@misc{site:erickson,
  title={CS 573: Topics in Algorithms: Advanced Data Structures Lecture 11},
  url = {https://jeffe.cs.illinois.edu/teaching/datastructures/2006/notes/11-kineticds.pdf},
  author = {Erickson,  Jeff and Grauman,  Tracy},
  year = {2006},
  month = feb
}