% Encoding: UTF-8

@misc{SmallGraphs, title={Small Graphs are Reconstructible}, 
author = {Derrick Stolee},
year = {2012},
month = {August},
note ={\url{https://computationalcombinatorics.wordpress.com/2012/08/29/small-graphs-are-reconstructible/}}
}

@misc{CanonicalDeletions, title={Introduction to Canonical Deletion}, 
author = {Derrick Stolee},
year = {2012},
month = {August},
note ={\url{https://computationalcombinatorics.wordpress.com/2012/08/13/canonical-deletion/}}
}

@misc{McKaySmallGraphsReconstruction,
  doi = {10.48550/ARXIV.2102.01942},
  
  url = {https://arxiv.org/abs/2102.01942},
  
  author = {McKay, Brendan D.},
  
  keywords = {Combinatorics (math.CO), FOS: Mathematics, FOS: Mathematics, 05C60},
  
  title = {Reconstruction of small graphs and digraphs},
  
  publisher = {arXiv},
  
  year = {2021},
  
  copyright = {arXiv.org perpetual, non-exclusive license}
}

@article{McKay1997SmallGA,
  title={Small graphs are reconstructible},
  author={Brendan D. McKay},
  journal={Australas. J Comb.},
  year={1997},
  volume={15},
  pages={123-126}
}