% Encoding: UTF-8

@misc{site:jeff,
  author={Jeff Erickson},
  title={498TC Spring 2022},
  howpublished={\url{https://jeffe.cs.illinois.edu/teaching/compgeom/}},
  year={2022},
  note={Accessed: 03-04-2024},
}