% Encoding: UTF-8

@misc{site:jeff,
  title = {Algorithms},
  volume = {1},
  url = {https://jeffe.cs.illinois.edu/teaching/algorithms/notes/05-hashing.pdf},
  author = {Erickson,  Jeff},
  year = {2019},
  month = jun,
  note={Accessed: 03-14-2024}
}

@article{overview,
  title = {An Overview of Cuckoo Hashing},
  url = {https://cs.stanford.edu/~rishig/courses/ref/l13a.pdf},
  author = {Chen,  Charles},
  note={Accessed: 03-14-2024}
}

@misc{site:mit,
  title={MIT 6.851: Advanced Data Structures (Spring 2007) Lecture 11},
  url = {https://courses.csail.mit.edu/6.851/spring07/erik/L11.pdf},
  author = {Demaine,  Erik and Weimann,  Oren},
  note={Accessed: 03-30-2024}
}