@article{Hae66,
 author = {Andre Haefliger},
 journal = {Annals of Mathematics},
 number = {3},
 pages = {402-436},
 publisher = {Annals of Mathematics},
 title = {Differentiable Embeddings of Sn in Sn+q for $q > 2$},
 volume = {83},
 year = {1966}
}

@article{Lev65,
 author = {Jerome Levine},
 journal = {Annals of Mathematics},
 number = {1},
 pages = {15-50},
 publisher = {Annals of Mathematics},
 title = {A Classification of Differentiable Knots},
 volume = {82},
 year = {1965}
}

@article{Sta63,
 author = {John Stallings},
 journal = {Annals of Mathematics},
 number = {3},
 pages = {490-503},
 publisher = {Annals of Mathematics},
 title = {On Topologically Unknotted Spheres},
 volume = {77},
 year = {1963}
}


@article{Zee63,
 author = {Sir Erik Christopher Zeeman},
 journal = {Annals of Mathematics},
 number = {3},
 pages = {501-526},
 publisher = {Annals of Mathematics},
 title = {Unknotting Combinatorial Balls},
 volume = {78},
 year = {1963}
}

