% Encoding: UTF-8

@misc{aaronson,
  author={Scott Aaronson},
  title={Is P Versus NP Formally Independent},
  howpublished={\url{https://www.scottaaronson.com/papers/indep.pdf}},
  year={2017},
  note={Accessed: 09-02-2024},
}