% Encoding: UTF-8

@misc{qswiki,
  title = {Quadratic sieve},
  howpublished = "\url{https://en.wikipedia.org/wiki/Quadratic_sieve}",
}

@misc{dixonwiki,
  title = {Dixon's factorization method},
  howpublished = "\url{https://en.wikipedia.org/wiki/Dixon%27s_factorization_method}",
}

@misc{fermatwiki,
  title = {Fermat's factorization method},
  howpublished = "\url{https://en.wikipedia.org/wiki/Fermat%27s_factorization_method}",
}

@misc{dixonqsblog,
  title = {Dixon's Algorithm and the Quadratic Sieve},
  author = {Vinnie Monaco},
  howpublished = "\url{https://web.archive.org/web/20160205002504/https://vmonaco.com/dixons-algorithm-and-the-quadratic-sieve/}",
  year = {2012}
}

@misc{qfssimple,
  author = {Eric Landquist},
  title = {The Quadratic Sieve Factoring Algorithm},
  howpublished = "\url{https://www.cs.virginia.edu/crab/QFS_Simple.pdf}",
  year = {2001}
}

@misc{factoringlecture,
  title = {Factoring Algorithms Lecture},
  howpublished = "\url{https://people.math.sc.edu/filaseta/gradcourses/Math788Lecture19.pdf}",
}