% Encoding: UTF-8

@article{Twin-width-I,
  author    = {{\'{E}}douard Bonnet and
               Eun Jung Kim and
               St{\'{e}}phan Thomass{\'{e}} and
               R{\'{e}}mi Watrigant},
  title     = {Twin-width {I:} tractable {FO} model checking},
  journal   = {CoRR},
  volume    = {abs/2004.14789},
  year      = {2020},
  url       = {https://arxiv.org/abs/2004.14789},
  eprinttype = {arXiv},
  eprint    = {2004.14789},
  timestamp = {Sun, 02 Oct 2022 15:32:01 +0200},
  biburl    = {https://dblp.org/rec/journals/corr/abs-2004-14789.bib},
  bibsource = {dblp computer science bibliography, https://dblp.org}
}

@misc{planar,
      title={Twin-width of Planar Graphs is at most 9, and at most 6 when Bipartite Planar}, 
      author={Petr Hliněný},
      year={2022},
      eprint={2205.05378},
      archivePrefix={arXiv},
      primaryClass={math.CO}
}

@article{Twin-width-III,
  author    = {{\'{E}}douard Bonnet and
               Colin Geniet and
               Eun Jung Kim and
               St{\'{e}}phan Thomass{\'{e}} and
               R{\'{e}}mi Watrigant},
  title     = {Twin-width {III:} Max Independent Set and Coloring},
  journal   = {CoRR},
  volume    = {abs/2007.14161},
  year      = {2020},
  url       = {https://arxiv.org/abs/2007.14161},
  eprinttype = {arXiv},
  eprint    = {2007.14161},
  timestamp = {Sun, 02 Oct 2022 15:32:03 +0200},
  biburl    = {https://dblp.org/rec/journals/corr/abs-2007-14161.bib},
  bibsource = {dblp computer science bibliography, https://dblp.org}
}

@misc{computation,
      title={Computation of twin-width of graphs}, 
      author={Kajal Das},
      year={2022},
      eprint={2207.14333},
      archivePrefix={arXiv},
      primaryClass={math.CO}
}

@article{SAT,
  author    = {Andr{\'{e}} Schidler and
               Stefan Szeider},
  title     = {A {SAT} Approach to Twin-Width},
  journal   = {CoRR},
  volume    = {abs/2110.06146},
  year      = {2021},
  url       = {https://arxiv.org/abs/2110.06146},
  eprinttype = {arXiv},
  eprint    = {2110.06146},
  timestamp = {Fri, 22 Oct 2021 13:33:09 +0200},
  biburl    = {https://dblp.org/rec/journals/corr/abs-2110-06146.bib},
  bibsource = {dblp computer science bibliography, https://dblp.org}
}