% Encoding: UTF-8

@book{Guruswami_Rudra_Sudan, title={Essential Coding Theory}, author={Guruswami, Venkatesan and Rudra, Atri and Sudan, Madhu}} 